<record><leader>00000cas a22000007a 4500</leader><controlfield tag="001">17935704</controlfield><controlfield tag="008">880511d19391982ohuwr ne      0    0eng d</controlfield><datafield ind1=" " ind2=" " tag="010"><subfield code="a">sn 88078563 </subfield></datafield><datafield ind1=" " ind2=" " tag="040"><subfield code="a">ONP</subfield><subfield code="b">eng</subfield><subfield code="c">ONP</subfield><subfield code="d">OCLCQ</subfield></datafield><datafield ind1=" " ind2=" " tag="042"><subfield code="a">msc</subfield></datafield><datafield ind1="0" ind2=" " tag="130"><subfield code="a">Bellville star and Tri-forks press (Bellville, Ohio : 1939)</subfield></datafield><datafield ind1="1" ind2="4" tag="245"><subfield code="a">The Bellville star and Tri-forks press.</subfield></datafield><datafield ind1=" " ind2=" " tag="260"><subfield code="a">Bellville, Ohio :</subfield><subfield code="b">G.L. Cherp,</subfield><subfield code="c">1939-1982.</subfield></datafield><datafield ind1=" " ind2=" " tag="300"><subfield code="a">v.</subfield></datafield><datafield ind1=" " ind2=" " tag="310"><subfield code="a">Weekly</subfield></datafield><datafield ind1="0" ind2=" " tag="362"><subfield code="a">Vol. 18, no. 5 (Mar. 30, 1939)-Dec. 30, 1982.</subfield></datafield><datafield ind1=" " ind2="4" tag="651"><subfield code="a">Bellvile (Ohio)</subfield><subfield code="v">Newspapers.</subfield></datafield><datafield ind1=" " ind2="4" tag="651"><subfield code="a">Richland County (Ohio)</subfield><subfield code="v">Newspapers.</subfield></datafield><datafield ind1=" " ind2=" " tag="752"><subfield code="a">United States</subfield><subfield code="b">Ohio</subfield><subfield code="c">Richland</subfield><subfield code="d">Bellville.</subfield></datafield><datafield ind1="0" ind2="4" tag="780"><subfield code="t">Bellville star (Bellville, Ohio : 1922)</subfield><subfield code="w">(DLC)sn 90068088</subfield></datafield><datafield ind1="0" ind2="4" tag="780"><subfield code="t">Tri-forks press</subfield><subfield code="w">(DLC)sn 88078546</subfield></datafield><datafield ind1="0" ind2="0" tag="785"><subfield code="t">Star (Bellville, Ohio)</subfield><subfield code="w">(DLC)sn 88078535</subfield></datafield></record>